@STANDARD{fastcompany,
	title = {Why Most Venture-Backed Companies Fail},
	author = {Hoque, Faisal},
	month = jan,
	year = {2016},
 	note = {\url{https://www.fastcompany.com/3003827/why-most-venture-backed-companies-fail}}
}

@Inbook{economical_growth,
	author="Carree, Martin A.
	and Thurik, A. Roy",
	editor="Acs, Zoltan J.
	and Audretsch, David B.",
	title="The Impact of Entrepreneurship on Economic Growth",
	bookTitle="Handbook of Entrepreneurship Research: An Interdisciplinary Survey and Introduction",
	year="2003",
	publisher="Springer US",
	address="Boston, MA",
	pages="437--471",
	isbn="978-0-387-24519-5",
	doi="10.1007/0-387-24519-7_17",
	url="https://doi.org/10.1007/0-387-24519-7_17"
}


@article{comparative_studies, 
	title={Start-ups and Spin-offs: Collective Entrepreneurship Between Invention and Innovation}, url={https://papers.ssrn.com/sol3/papers.cfm?abstract_id=1400784}, 
	DOI={10.1017/cbo9780511610134.004}, 
	journal={The Emergence of Entrepreneurship Policy}, 
	author={Auerswald, Philip E. and Branscomb, Lewis M.}, 
	pages={61-–91}
}

@article{resource_inheritance,
	 title={Continuity and change in a spin-off venture: the process of reimprinting}, 
	 volume={21}, url={https://www.researchgate.net/publication/235998970_Ferriani_S_Garnsey_E_Lorenzoni_G_2012_Continuity_and_Change_in_a_Spin-Off_Venture_The_Process_of_Reimprinting_Industrial_and_Corporate_Change_214_1011-1048},
	 DOI={10.1093/icc/dts001}, 
	 number={4}, 
	 journal={Industrial and Corporate Change}, 
	 author={Ferriani, S. and Garnsey, E. and Lorenzoni, G.}, year={2012}, month={Aug}, pages={1011–1048}
}

@inbook{whose_child, 
	place={Groningen}, 
	title={Whose child?: How existing firms foster new firm formation: individual start-ups, spin-outs and spin-offs}, 
	booktitle={Whose child?: How existing firms foster new firm formation: individual start-ups, spin-outs and spin-offs}, 
	publisher={Faculty of Spatial Science, Groningen University}, 
	author={Koster, Sierdjan}, 
	year={2006}
}
@misc{6, 
	title={Startup company}, 
  	 note = {\url{https://en.wikipedia.org/wiki/Startup_company}},
	 journal={Wikipedia}, 
	 publisher={Wikimedia Foundation}
}

@misc{7, 
	title={Corporate spin-off}, 
	note = {\url{https://en.wikipedia.org/wiki/Corporate_spin-off}}, 
	journal={Wikipedia}, 
	publisher={Wikimedia Foundation}, 
}
@misc{8, 
	title={Steve Blank What’s A Startup? First Principles.}, 
	 note = {\url{http://steveblank.com/2010/01/25/whats-a-startup-first-principles/}},
	 journal={Steve Blank}
}

@misc{9, 
	title={What Is A Startup?}, 
	note = {\url{https://www.forbes.com/sites/natalierobehmed/2013/12/16/what-is-a-startup/#214c3d904044}},
	journal={Forbes}, 
	publisher={Forbes Magazine},
	author={Robehmed, Natalie}, 
	year={2015}, month={May}
}

@misc{10, 
	title={What The Hell Is A Startup Anyway?}, 
	note = {\url{http://techcrunch.com/2014/12/30/what-the-hell-is-a-startup-anyway/}}, 
	journal={TechCrunch}, 
	publisher={TechCrunch}, 
	author={Wilhelm, Alex},
	year={2014}, 
	month={Dec}
}

@misc{11, 
	title={Spin-off}, 
	note = {\url{https://www.merriam-webster.com/dictionary/spin-off}}, 
	journal={Merriam-Webster}, 
	publisher={Merriam-Webster}
}

@misc{12, 
	title={The art of the spin-off}, 
	note = {\url{https://www.economist.com/news/business/21577034-tips-creating-new-companies-out-old-ones-art-spin}}, 
	journal={economist}, 
	publisher={economist}
}


@article{13, 
	title={Conceptualising the heterogeneity of research-based spin-offs: A multi-dimensional taxonomy}, 
	volume={35}, 
	DOI={10.1016/j.respol.2005.11.001}, 
	number={2}, journal={Research Policy}, author={Mustar, Philippe and Renault, Marie and Colombo, Massimo G. and Piva, Evila and Fontes, Margarida and Lockett, Andy and Wright, Mike and Clarysse, Bart and Moray, Nathalie}, year={2006}, pages={289–308}}

@article{14, title={Technology commercialization: a literature review of success factors and antecedents across different contexts}, volume={41}, DOI={10.1007/s10961-016-9486-3}, number={5}, journal={The Journal of Technology Transfer}, author={Kirchberger, Markus A. and Pohl, Larissa}, year={2016}, pages={1077–1112}}

@article{15, title={Models of Innovation: Startups and Mature Corporations}, volume={50}, DOI={10.2307/41166418}, number={1}, journal={California Management Review}, author={Freeman, John and Engel, Jerome S.}, year={2007}, pages={94–119}}

@book{16, place={New Brunswick, NJ}, title={The theory of economic development an inquiry into profits, capital, credit, interest, and the business cycle}, publisher={Transaction Publ.}, author={Schumpeter, Joseph Alois}, year={2012}}

@book{17, place={New York}, title={Competitive Strategy: Techniques for Analyzing Industries and Competitors}, publisher={Free Press}, author={Porter, Michael E.}, year={2004}}

@article{18, title={Absorptive Capacity: A Review, Reconceptualization, and Extension}, volume={27}, DOI={10.2307/4134351}, number={2}, journal={The Academy of Management Review}, author={Zahra, Shaker A. and George, Gerard}, year={2002}, pages={185}}

@Article{19,
	author="Samuelsson, Mikael
	and Davidsson, Per",
	title="Does venture opportunity variation matter? Investigating systematic process differences between innovative and imitative new ventures",
	journal="Small Business Economics",
	year="2009",
	month="Aug",
	day="01",
	volume="33",
	number="2",
	pages="229--255",
	issn="1573-0913",
	doi="10.1007/s11187-007-9093-7",
	url="https://doi.org/10.1007/s11187-007-9093-7"
}

@article{20, title={Newness and novelty: Relating top management team composition to new venture performance}, volume={21}, DOI={10.1016/j.jbusvent.2005.04.008}, number={1}, journal={Journal of Business Venturing}, author={Amason, Allen C. and Shrader, Rodney C. and Tompson, George H.}, year={2006}, pages={125–148}}

@article{21, title={Does innovativeness reduce startup survival rates?}, volume={30}, DOI={10.1016/j.jbusvent.2014.10.001}, number={4}, journal={Journal of Business Venturing}, author={Hyytinen, Ari and Pajarinen, Mika and Rouvinen, Petri}, year={2015}, pages={564–581}}

@article{22, title={Are public research spin-offs more innovative?}, volume={43}, DOI={10.1007/s11187-013-9539-z}, number={2}, journal={Small Business Economics}, author={Stephan, Andreas}, year={2014}, month={Nov}, pages={353–368}}

@article{23, title={Towards a first spin-off typology and a new concept for corporate spin-off research}, volume={3}, DOI={10.1504/ijttc.2004.005083}, number={3}, journal={International Journal of Technology Transfer and Commercialisation}, author={Tubke, Alexander and Saavedra, Pablo Alvarez De Toledo and Gonzalez, Jose-Luis Galan}, year={2004}, pages={263}}

@article{24, title={The origin of spin-offs: a typology of corporate and academic spin-offs}, volume={43}, DOI={10.1007/s11187-013-9535-3}, number={2}, journal={Small Business Economics}, author={Fryges, Helmut and Wright, Mike}, year={2014}, month={Apr}, pages={245–259}}

@book{26, place={Seville}, title={The impact of corporate spin-offs on competitiveness and employment in the European Union: a first study}, publisher={European Commission, Joint Research Centre}, author={Castello, Pietro Moncada Paternò}, year={1999}}


@article{27, title={Conceptualising the heterogeneity of research-based spin-offs: A multi-dimensional taxonomy}, volume={35}, DOI={10.1016/j.respol.2005.11.001}, number={2}, journal={Research Policy}, author={Mustar, Philippe and Renault, Marie and Colombo, Massimo G. and Piva, Evila and Fontes, Margarida and Lockett, Andy and Wright, Mike and Clarysse, Bart and Moray, Nathalie}, year={2006}, pages={289–308}}


@article{28, title={Opportunity spin-offs and necessity spin-offs}, volume={1}, DOI={10.1504/ijev.2009.023818}, number={1}, journal={International Journal of Entrepreneurial Venturing}, author={Buenstorf, Guido}, year={2009}, pages={22}}

@inproceedings{29,
	title={Start-up and Spin-off Does They Require Different Support},
	author={D{\v{z}}upka, P and Vajda, V},
	booktitle={5th Central European Conference in Regional Science. Ko{\v{s}}ice, Slovakia},
	pages={205--214},
	year={2014}
}

@TechReport{30,
	author={Sierdjan Koster},
	title={{Spin-off firms and individual start-ups. Are they really different?}},
	year=2004,
	month=Aug,
	institution={European Regional Science Association},
	type={ERSA conference papers},
	note = {\url{https://ideas.repec.org/p/wiw/wiwrsa/ersa04p287.html}},
	number={ersa04p287},
}

@article{31,
	title={Start-ups, spin-offs, and internal projects},
	author={Anton, James J and Yao, Dennis A},
	journal={Journal of Law, Economics, \& Organization},
	pages={362--378},
	year={1995},
	publisher={JSTOR}
}

@article{32,
	title={Firm resources and sustained competitive advantage},
	author={Barney, Jay},
	journal={Journal of management},
	volume={17},
	number={1},
	pages={99--120},
	year={1991},
	publisher={Sage Publications Sage CA: Thousand Oaks, CA}
}

@article{33,
	title={An Austrian theory of the firm},
	author={Lewin, Peter and Phelan, Steven E},
	journal={The Review of Austrian Economics},
	volume={13},
	number={1},
	pages={59--79},
	year={2000},
	publisher={Springer}
}

@article{34,
	title={Towards a first spin-off typology and a new concept for corporate spin-off research},
	author={Tubke, Alexander and de Toledo Saavedra, Pablo {\'A}lvarez and Gonzalez, Jos{\'e}-Luis Gal{\'a}n},
	journal={International journal of technology transfer and commercialisation},
	volume={3},
	number={3},
	pages={263--290},
	year={2004},
	publisher={Inderscience Publishers}
}
@article{35,
	title={Do direct or indirect relations between incumbent firms and corporate spin-offs affect the performance of spin-offs?},
	author={Evald, Majbritt Rostgaard and Clarke, Ann Hojbjerg and Jensen, Kent Wickstrom},
	journal={International Journal of Entrepreneurial Venturing},
	volume={1},
	number={2},
	pages={147--163},
	year={2009},
	publisher={Inderscience Publishers}
}


@article{36,
	title={The origin of spin-offs: a typology of corporate and academic spin-offs},
	author={Fryges, Helmut and Wright, Mike},
	journal={Small Business Economics},
	volume={43},
	number={2},
	pages={245--259},
	year={2014},
	publisher={Springer}
}

@article{37,
	title={From a corporate venture to an independent company: a base for a taxonomy for corporate spin-off firms},
	author={Parhankangas, Annaleena and Arenius, Pia},
	journal={Research Policy},
	volume={32},
	number={3},
	pages={463--481},
	year={2003},
	publisher={Elsevier}
}

@article{38,
	title={Human capital a source of competitive advantage “Ideas for strategic leadership”},
	author={Memon, Muhammad Aslam and Mangi, Riaz Ahmed and Rohra, C Lal},
	journal={Australian Journal of Basic and Applied Sciences},
	volume={3},
	number={4},
	pages={4182--4189},
	year={2009}
}


@article{39,
	title={Human capital, social capital, and firm dissolution},
	author={Pennings, Johannes M and Lee, Kyungmook and Van Witteloostuijn, Arjen},
	journal={Academy of management Journal},
	volume={41},
	number={4},
	pages={425--440},
	year={1998},
	publisher={Academy of Management}
}
@article{40,
	title={The return to firm investments in human capital},
	author={Almeida, Rita and Carneiro, Pedro},
	journal={Labour economics},
	volume={16},
	number={1},
	pages={97--106},
	year={2009},
	publisher={Elsevier}
}
@book{41,
	title={Social capital: an international research program},
	author={Lin, Nan and Erickson, Bonnie H},
	year={2010},
	publisher={Oxford University Press}
}

@article{42,
	title={Entrepreneurs’ networks and the success of start-ups},
	author={Witt, Peter},
	journal={Entrepreneurship \& Regional Development},
	volume={16},
	number={5},
	pages={391--412},
	year={2004},
	publisher={Taylor \& Francis}
}

@article{43,
	title={The impact of university-based incubation support on the innovation strategy of academic spin-offs},
	author={Soetanto, Danny and Jack, Sarah},
	journal={Technovation},
	volume={50},
	pages={25--40},
	year={2016},
	publisher={Elsevier}
}

@article{44,
	title={Exploring the Networking Characteristics of New Venture Founding Teams},
	author={Grimaldi, Rosa and others},
	journal={Small Business Economics},
	volume={21},
	pages={329--341},
	year={2003},
	publisher={JSTOR}
}

@article{45,
	title={The development of university spin-offs: early dynamics of technology transfer and networking},
	author={Perez, Manuela Perez and S{\'a}nchez, Angel Mart{\'\i}nez},
	journal={Technovation},
	volume={23},
	number={10},
	pages={823--831},
	year={2003},
	publisher={Elsevier}
}


@article{46,
	title={Spin-off start-ups in the Netherlands},
	author={Glance, At First}
}

@misc{47, title={Maslow's hierarchy of needs}, note = {\url{https://en.wikipedia.org/wiki/Maslow%27s_hierarchy_of_needs}}, journal={Wikipedia}, publisher={Wikimedia Foundation}, year={2017}, month={Jul}}

@misc{48, title={Extrinsic vs. Intrinsic Motivation: What's the Difference?}, note = {\url{https://www.verywell.com/differences-between-extrinsic-and-intrinsic-motivation-2795384}}, journal={Verywell}, author={Cherry, Kendra}}


@incollection{49,
	title={Academic Entrepreneurship in Eastern Europe—Motivations and Success of University Spin-Offs in Hungary},
	author={Novotny, Adam},
	booktitle={THE WORLD SCIENTIFIC REFERENCE ON ENTREPRENEURSHIP: Volume 4: Process Approach to Academic Entrepreneurship—Evidence from the Globe},
	pages={137--164},
	year={2017}
}


@misc{50, title={Market research and consumer protectionA Food Standards Agency case study}, note = {\url{http://businesscasestudies.co.uk/food-standards-agency/market-research-and-consumer-protection/primary-and-secondary-research.html}}, journal={Primary and secondary research - Market research and consumer protection - Food Standards Agency | Food Standards Agency case studies and information | Business Case Studies}}

@misc{51, title={Online Survey Software from GetFeedback: Customer Surveys that Delight - GetFeedback}, 
	 note = {\url{https://www.getfeedback.com/r/3bhdpFJT}}, journal={Online Survey Software from GetFeedback: Customer Surveys that Delight - GetFeedback}}
	
@misc{52, title={Imsys AB},note = {\url{http://www.imsystech.com/}} }

@misc{53, title={PTX Tech GmbH},note = {\url{http://ptx-tech.de/de_DE/}}}

@misc{54, title={Conatix},note = {\url{http://www.conatix.com/}}}

@article{55,
	title={The effectiveness of university knowledge spillovers: Performance differences between university spinoffs and corporate spinoffs},
	author={Wennberg, Karl and Wiklund, Johan and Wright, Mike},
	journal={Research Policy},
	volume={40},
	number={8},
	pages={1128--1143},
	year={2011},
	publisher={Elsevier}
}


@book{57,
	title={Success factors of corporate spin-offs},
	author={T{\"u}bke, Alexander},
	volume={2},
	year={2004},
	publisher={Springer Science \& Business Media}
}

@phdthesis{58,
	title={Parent company influence on spin-off performance},
	author={Halai, Tatsiana},
	year={2015},
	school={[sn]}
}
@article{59,
	title={Investment in human capital: A theoretical analysis},
	author={Becker, Gary S},
	journal={Journal of political economy},
	volume={70},
	number={5, Part 2},
	pages={9--49},
	year={1962},
	publisher={The University of Chicago Press}
}



@MISC{timwww,
	author = {Tim Berners-Lee},
	title = {WWW Book (no real book, just an example)}
}

@MISC{billgates,
	author = {Bill Gates},
	title = {no real citate}
}

@MISC{stevejobs,
	author = {Steve Jobs},
	title = {no real citate}
}

@BOOK{SIPBook,
	title = {SIP, understanding the Session Initiation Protocol, Second Edition},
	publisher = {Artech House Publishers},
	year = {2003},
	author = {Alan B. Johnston},
	note = {ISBN: 1580536557}
}

@STANDARD{rfcsip,
	title = {SIP: Session Initiation Protocol},
	author = {J. Rosenberg and H. Schulzrinne and G. Camarillo and A. Johnston
	and J. Peterson and R. Sparks and M. Handley and E. Schooler},
	howpublished = {RFC 3261 (Proposed Standard)},
	number = {3261},
	month = jun,
	year = {2002},
	note = {Updated by RFCs 3265, 3853, 4320, 4916, 5393},
	url = {http://www.ietf.org/rfc/rfc3261.txt},
	organisation = {Internet Engineering Task Force},
	publisher = {IETF},
	series = {Request for Comments}
}

@MANUAL{w3cwsdl,
	title = {Web Services Description Language (WSDL) 1.1},
	organization = {W3C},
	year = {2001},
	note = {\url{http://www.w3.org/TR/wsdl}}
}



